@book{archon,
 editor = {Wittig, Thies},
 title = {ARCHON: An Architecture for Multi-agent Systems},
 year = {1992},
 isbn = {0-13-044462-6},
 publisher = {Ellis Horwood},
 address = {Upper Saddle River, NJ, USA},
} 

