@book{archon,
 editor = {Wittig, Thies},
 title = {ARCHON: An Architecture for Multi-agent Systems},
 year = {1992},
 isbn = {0-13-044462-6},
 publisher = {Ellis Horwood},
 address = {Upper Saddle River, NJ, USA},
},

@inproceedings{sandboxmas,
  title={Multi-agent Systems and Sandbox Games},
  author={Sergio Ocio and Jos{\'e} Antonio L{\'o}pez Brugos},
  year={2009}
},

@inproceedings{
openaiemergent,
title={Emergent Tool Use From Multi-Agent Autocurricula},
author={Anonymous},
booktitle={Submitted to International Conference on Learning Representations},
year={2020},
url={https://openreview.net/forum?id=SkxpxJBKwS},
note={under review}
},

@inproceedings{masboardgames,
 author = {Johansson, Stefan J.},
 title = {On Using Multi-agent Systems in Playing Board Games},
 booktitle = {Proceedings of the Fifth International Joint Conference on Autonomous Agents and Multiagent Systems},
 series = {AAMAS '06},
 year = {2006},
 isbn = {1-59593-303-4},
 location = {Hakodate, Japan},
 pages = {569--576},
 numpages = {8},
 url = {http://doi.acm.org/10.1145/1160633.1160737},
 doi = {10.1145/1160633.1160737},
 acmid = {1160737},
 publisher = {ACM},
 address = {New York, NY, USA},
 keywords = {board games, diplomacy, multiagent system architecture, risk},
},

@inproceedings{bossrobot,
  title={Would You Do as a Robot Commands ? An Obedience Study for Human-Robot Interaction},
  author={Derek Cormier and Gem Newman and Masayuki Nakane and James Everett Young and Stephane Durocher},
  year={2013}
},

@inproceedings{turnoffrobot,
  title={Do a robot’s social skills and its objection discourage interactants from switching the robot off?},
  author={Aike C Horstmann and Nikolai Bock and Eva Linhuber and Jessica M. Szczuka and Carolin Stra{\ss}mann and Nicole C. Kr{\"a}mer},
  booktitle={PloS one},
  year={2018}
},

@inproceedings{personalitymodel,
author = {Egges, Arjan and Kshirsagar, S and Thalmann, Nadia},
year = {2003},
month = {01},
pages = {453-461},
title = {A model for personality and emotion simulation},
isbn = {3-540-40803-7}
},

@inproceedings{skyrim,
author = {Chowanda, Andry and Blanchfield, Peter and Flintham, Martin and Valstar, Michel},
year = {2016},
month = {05},
pages = {},
title = {Computational Models of Emotion, Personality, and Social Relationships for Interactions in Games}
},

@article{hetrogenousagents,
  title={Personality Traits and Social Attitudes in Multiagent Cooperation},
  author={Cristiano Castelfranchi and Fiorella de Rosis and Rino Falcone and Sebastiano Pizzutilo},
  journal={Applied Artificial Intelligence},
  year={1998},
  volume={12},
  pages={649-675}
},

@inproceedings{argumentation,
author = {Black, Elizabeth and Atkinson, Katie},
year = {2009},
month = {01},
pages = {867-874},
title = {Dialogues that account for different perspectives in collaborative argumentation.},
doi = {10.1145/1558109.1558132}
},

@article{reasoning,
title = "Practical reasoning as presumptive argumentation using action based alternating transition systems",
journal = "Artificial Intelligence",
volume = "171",
number = "10",
pages = "855 - 874",
year = "2007",
note = "Argumentation in Artificial Intelligence",
issn = "0004-3702",
doi = "https://doi.org/10.1016/j.artint.2007.04.009",
url = "http://www.sciencedirect.com/science/article/pii/S0004370207000689",
author = "Katie Atkinson and Trevor Bench-Capon",
keywords = "Argumentation, Practical reasoning, Value based argumentation, Argument schemes, AATS",
},

@article{argumentationcontext,
author = {Hette, Gael and Bourgne, Gauvain and Maudet, Nicolas and Pinson, Suzanne},
year = {2007},
month = {01},
pages = {},
title = {Hypotheses Refinement Under Topological Communication Constraints},
doi = {10.1145/1329125.1329415}
},

@article{owlnlg,
 author = {Androutsopoulos, Ion and Lampouras, Gerasimos and Galanis, Dimitrios},
 title = {Generating Natural Language Descriptions from OWL Ontologies: The Natural OWL System},
 journal = {J. Artif. Int. Res.},
 issue_date = {October 2013},
 volume = {48},
 number = {1},
 month = oct,
 year = {2013},
 issn = {1076-9757},
 pages = {671--715},
 numpages = {45},
 url = {http://dl.acm.org/citation.cfm?id=2591248.2591263},
 acmid = {2591263},
 publisher = {AI Access Foundation},
 address = {USA},
},

@inproceedings{rdfnlg,
    title = "Exploiting Ontology Lexica for Generating Natural Language Texts from {RDF} Data",
    author = {Cimiano, Philipp  and
      L{\"u}ker, Janna  and
      Nagel, David  and
      Unger, Christina},
    booktitle = "Proceedings of the 14th {E}uropean Workshop on Natural Language Generation",
    month = aug,
    year = "2013",
    address = "Sofia, Bulgaria",
    publisher = "Association for Computational Linguistics",
    pages = "10--19",
},

@inproceedings{simplenlg,
    title = "{S}imple{NLG}: A Realisation Engine for Practical Applications",
    author = "Gatt, Albert  and
      Reiter, Ehud",
    booktitle = "Proceedings of the 12th {E}uropean Workshop on Natural Language Generation ({ENLG} 2009)",
    month = mar,
    year = "2009",
    address = "Athens, Greece",
    publisher = "Association for Computational Linguistics",
    pages = "90--93",
},



@online{jasonrutter,
  author = {Will Knight},
  title = {Computer crack funnier than many human jokes},
  year = "2001",
  howpublished = {\url{https://www.newscientist.com/article/dn1719-computer-crack-funnier-than-many-human-joke/}},
  urldate = {2019-10-13}
},

@article{jape,
author = {Ritchie, Graeme and Manurung, Ruli and Pain, Helen and Waller, Annalu and Black, Rolf and Mara, Dave},
year = {2007},
month = {01},
pages = {},
title = {A practical application of computational humour},
journal = {Proceedings of the 4th International Joint Workshop on Computational Creativity}
},

@misc{suslov,
    title={Computer Model of a "Sense of Humour". I. General Algorithm},
    author={I. M. Suslov},
    year={2007},
    eprint={0711.2058},
    archivePrefix={arXiv},
    primaryClass={q-bio.NC}
},

@misc{humourrnn,
    author= {{Abhinav Moudgil}},
    year  = {2017},
    title = {Humor Generation with Recurrent Neural Networks},
    howpublished = {\url{https://amoudgl.github.io/blog/funnybot/}},
},

@inbook{dialoguesystems,
author = {Ozaeta, Leire and Graña, Manuel},
year = {2018},
month = {06},
pages = {706-715},
title = {A View of the State of the Art of Dialogue Systems},
isbn = {978-3-319-92638-4},
doi = {10.1007/978-3-319-92639-1_59}
},

@INPROCEEDINGS{robotgame,
	author={H. {Cuayáhuitl}},
	booktitle={2017 IEEE-RAS 17th International Conference on Humanoid Robotics (Humanoids)},
	title={Deep reinforcement learning for conversational robots playing games},
	year={2017},
	volume={},
	number={},
	pages={771-776},
	doi={10.1109/HUMANOIDS.2017.8246959},
	ISSN={},
	month={Nov},
},

@inbook{jade,
author = {Bellifemine, Fabio and Bergenti, Federico and Caire, Giovanni and Poggi, Agostino},
year = {2005},
month = {01},
pages = {125-147},
title = {Jade — A Java Agent Development Framework},
volume = {15},
journal = {Multi-Agent Programming},
doi = {10.1007/0-387-26350-0_5}
},

@article{massurvey,
   title = {A Survey of Agent Platforms},
   author = {Kravari, Kalliopi and Bassiliades, Nick},
   journal = {Journal of Artificial Societies and Social Simulation},
   ISSN = {1460-7425},
   volume = {18},
   number = {1},
   pages = {11},
   year = {2015},
   URL = {http://jasss.soc.surrey.ac.uk/18/1/11.html},
   DOI = {10.18564/jasss.2661},
   keywords = {Intelligent Agents, Multi-Agent Systems, Agent Platforms},
},

@book{jason,
author = {Bordini, Rafael and Hübner, Jomi and Wooldridge, Michael},
year = {2007},
month = {10},
pages = {},
title = {Programming Multi-Agent Systems in AgentSpeak Using Jason},
volume = {8},
journal = {Programming Multi-Agent Systems in AgentSpeak using Jason},
doi = {10.1002/9780470061848}
},

@misc{chessboardjsx,
  author = {Will B.},
  title = {chessboard.jsx},
  year = {2019},
  publisher = {GitHub},
  journal = {GitHub repository},
  howpublished = {\url{https://github.com/willb335/chessboardjsx}},
  commit = {54839f5d9fd53e4b455284c62b2bfad5c5bfabde}
},

@misc{reactjs, 
	title={React – A JavaScript library for building user interfaces}, 
	url={https://reactjs.org/}, 
	journal={– A JavaScript library for building user interfaces}
},

@misc{redux, 
	title={Redux · A Predictable State Container for JS Apps}, 
	url={https://redux.js.org/}, 
	journal={Redux}
},

@misc{chessjs,
  author = {Jeff Hlywa},
  title = {chess.js},
  year = {2019},
  publisher = {GitHub},
  journal = {GitHub repository},
  howpublished = {\url{https://github.com/jhlywa/chess.js}},
  commit = {8e854c7004c391f150e10fad04568d34f248bc9e}
},

@article{tartan,
author = {Larionov, George and Kaden, Zachary and Dureddy, Hima and Kalejaiye, Gabriel and Kale, Mihir and Potharaju, Srividya and Shah, Ankit and Rudnicky, Alexander},
year = {2018},
month = {12},
pages = {},
title = {Tartan: A retrieval-based socialbot powered by a dynamic finite-state machine architecture}
},
@misc{fipaprotocols,
  author = {FIPA},
  title = {FIPA Interaction Protocol Specifications},
  year = {2002},
  howpublished = {\url{http://www.fipa.org/repository/ips.php3
}},
},

@inproceedings{agentchess,
  title={AgentChess – An Agent Chess Approach-Can Agents Play Chess ?},
  author={Henric Fransson},
  year={2003}
},

